%%%%%%%%%%%%%%%%%%%%%%%%%%%%%%%%%%%%%%%%%%%%%%%%%%%%%%%%%%%%%%%%%%%%%
% High energy nuclear physics                                       %
%%%%%%%%%%%%%%%%%%%%%%%%%%%%%%%%%%%%%%%%%%%%%%%%%%%%%%%%%%%%%%%%%%%%%

@article{Gell-Mann:1964ewy,
    author = "Gell-Mann, Murray",
    title = "{A Schematic Model of Baryons and Mesons}",
    doi = "10.1016/S0031-9163(64)92001-3",
    journal = "Phys. Lett.",
    volume = "8",
    pages = "214--215",
    year = "1964"
}

@inbook{Zweig:1964jf,
    author = "Zweig, G.",
    editor = "Lichtenberg, D. B. and Rosen, Simon Peter",
    title = "{An SU(3) model for strong interaction symmetry and its breaking. Version 2}",
    booktitle = "{DEVELOPMENTS IN THE QUARK THEORY OF HADRONS. VOL. 1. 1964 - 1978}",
    reportNumber = "CERN-TH-412, NP-14146, PRINT-64-170",
    pages = "22--101",
    month = "2",
    year = "1964"
}


@article{Fritzsch:1972jv,
    author = "Fritzsch, Harald and Gell-Mann, Murray",
    editor = "Jackson, J. D. and Roberts, A.",
    title = "{Current algebra: Quarks and what else?}",
    eprint = "hep-ph/0208010",
    archivePrefix = "arXiv",
    journal = "eConf",
    volume = "C720906V2",
    pages = "135--165",
    year = "1972"
}

@article{pdg,
    author = "Workman, R. L. and Others",
    collaboration = "Particle Data Group",
    title = "{Review of Particle Physics}",
    doi = "10.1093/ptep/ptac097",
    journal = "PTEP",
    volume = "2022",
    pages = "083C01",
    year = "2022"
}

@article{Herzog:2017ohr,
    author = "Herzog, F. and Ruijl, B. and Ueda, T. and Vermaseren, J. A. M. and Vogt, A.",
    title = "{The five-loop beta function of Yang-Mills theory with fermions}",
    eprint = "1701.01404",
    archivePrefix = "arXiv",
    primaryClass = "hep-ph",
    reportNumber = "NIKHEF-2017-001, LTH-1117",
    doi = "10.1007/JHEP02(2017)090",
    journal = "JHEP",
    volume = "02",
    pages = "090",
    year = "2017"
}

@article{Johnson:1975zp,
    author = "Johnson, K.",
    title = "{The M.I.T. Bag Model}",
    reportNumber = "MIT-CTP-494",
    journal = "Acta Phys. Polon. B",
    volume = "6",
    pages = "865",
    year = "1975"
}

@article{ALICE:2022wpn,
    collaboration = "ALICE",
    title = "{The ALICE experiment -- A journey through QCD}",
    eprint = "2211.04384",
    archivePrefix = "arXiv",
    primaryClass = "nucl-ex",
    reportNumber = "CERN-EP-2022-227",
    month = "11",
    year = "2022"
}

@inproceedings{Nouicer:2009fy,
    author = "Nouicer, Rachid",
    title = "{Formation of Dense Partonic Matter in High Energy Heavy-Ion Collisions: Highlights of RHIC Results}",
    booktitle = "{Advanced Studies Institute on Symmetries and Spin (SPIN-Praha-2008)}",
    eprint = "0901.0910",
    archivePrefix = "arXiv",
    primaryClass = "nucl-ex",
    month = "1",
    year = "2009"
}

@article{NA50:1997hlx,
    author = "Abreu, M. C. and others",
    collaboration = "NA50",
    title = "{Anomalous J / psi suppression in Pb - Pb interactions at 158 GeV/c per nucleon}",
    doi = "10.1016/S0370-2693(97)00915-5",
    journal = "Phys. Lett. B",
    volume = "410",
    pages = "337--343",
    year = "1997"
}

@article{NA38:2000wlp,
    author = "Abreu, M. C. and others",
    collaboration = "NA38, NA50",
    title = "{Dimuon and charm production in nucleus-nucleus collisions at the CERN SPS}",
    reportNumber = "CERN-EP-2000-012",
    doi = "10.1007/s100520000373",
    journal = "Eur. Phys. J. C",
    volume = "14",
    pages = "443--455",
    year = "2000"
}

@article{RevModPhys.20.367,
  title = {Space-Time Approach to Non-Relativistic Quantum Mechanics},
  author = {Feynman, R. P.},
  journal = {Rev. Mod. Phys.},
  volume = {20},
  issue = {2},
  pages = {367--387},
  numpages = {0},
  year = {1948},
  month = {Apr},
  publisher = {American Physical Society},
  doi = {10.1103/RevModPhys.20.367},
  url = {https://link.aps.org/doi/10.1103/RevModPhys.20.367}
}

@article{BMW:2008jgk,
    author = "Durr, S. and others",
    collaboration = "BMW",
    title = "{Ab-Initio Determination of Light Hadron Masses}",
    eprint = "0906.3599",
    archivePrefix = "arXiv",
    primaryClass = "hep-lat",
    doi = "10.1126/science.1163233",
    journal = "Science",
    volume = "322",
    pages = "1224--1227",
    year = "2008"
}

@article{Rafelski:1982pu,
    author = "Rafelski, Johann and Muller, Berndt",
    title = "{Strangeness Production in the Quark - Gluon Plasma}",
    reportNumber = "Print-82-0048 (FRANKFURT)",
    doi = "10.1103/PhysRevLett.48.1066",
    journal = "Phys. Rev. Lett.",
    volume = "48",
    pages = "1066",
    year = "1982",
    note = "[Erratum: Phys.Rev.Lett. 56, 2334 (1986)]"
}

@article{STAR:2007cqw,
    author = "Abelev, B. I. and others",
    collaboration = "STAR",
    title = "{Enhanced strange baryon production in Au + Au collisions compared to p + p at s(NN)**(1/2) = 200-GeV}",
    eprint = "0705.2511",
    archivePrefix = "arXiv",
    primaryClass = "nucl-ex",
    doi = "10.1103/PhysRevC.77.044908",
    journal = "Phys. Rev. C",
    volume = "77",
    pages = "044908",
    year = "2008"
}

@article{ALICE:2013xmt,
    author = "Abelev, Betty Bezverkhny and others",
    collaboration = "ALICE",
    title = "{Multi-strange baryon production at mid-rapidity in Pb-Pb collisions at $\sqrt{s_{NN}}$ = 2.76 TeV}",
    eprint = "1307.5543",
    archivePrefix = "arXiv",
    primaryClass = "nucl-ex",
    reportNumber = "CERN-PH-EP-2013-134",
    doi = "10.1016/j.physletb.2014.05.052",
    journal = "Phys. Lett. B",
    volume = "728",
    pages = "216--227",
    year = "2014",
    note = "[Erratum: Phys.Lett.B 734, 409--410 (2014)]"
}

@article{ALICE:2016fzo,
    author = "Adam, Jaroslav and others",
    collaboration = "ALICE",
    title = "{Enhanced production of multi-strange hadrons in high-multiplicity proton-proton collisions}",
    eprint = "1606.07424",
    archivePrefix = "arXiv",
    primaryClass = "nucl-ex",
    reportNumber = "CERN-EP-2016-153",
    doi = "10.1038/nphys4111",
    journal = "Nature Phys.",
    volume = "13",
    pages = "535--539",
    year = "2017"
}

@article{ALICE:2013wgn,
    author = "Abelev, Betty Bezverkhny and others",
    collaboration = "ALICE",
    title = "{Multiplicity Dependence of Pion, Kaon, Proton and Lambda Production in p-Pb Collisions at $\sqrt{s_{NN}}$ = 5.02 TeV}",
    eprint = "1307.6796",
    archivePrefix = "arXiv",
    primaryClass = "nucl-ex",
    reportNumber = "CERN-PH-EP-2013-135",
    doi = "10.1016/j.physletb.2013.11.020",
    journal = "Phys. Lett. B",
    volume = "728",
    pages = "25--38",
    year = "2014"
}

@article{ALICE:2015mpp,
    author = "Adam, Jaroslav and others",
    collaboration = "ALICE",
    title = "{Multi-strange baryon production in p-Pb collisions at $\sqrt{s_\mathbf{NN}}=5.02$ TeV}",
    eprint = "1512.07227",
    archivePrefix = "arXiv",
    primaryClass = "nucl-ex",
    reportNumber = "CERN-PH-EP-2015-327",
    doi = "10.1016/j.physletb.2016.05.027",
    journal = "Phys. Lett. B",
    volume = "758",
    pages = "389--401",
    year = "2016"
}

%%%%%%%%%%%%%%%%%%%%%%%%%%%%%%%%%%%%%%%%%%%%%%%%%%%%%%%%%%%%%%%%%%%%%
% pp cross-section                                                  %
%%%%%%%%%%%%%%%%%%%%%%%%%%%%%%%%%%%%%%%%%%%%%%%%%%%%%%%%%%%%%%%%%%%%%

@article{Collins:1989gx,
    author = "Collins, John C. and Soper, Davison E. and Sterman, George F.",
    title = "{Factorization of Hard Processes in QCD}",
    eprint = "hep-ph/0409313",
    archivePrefix = "arXiv",
    reportNumber = "ITP-SB-89-31",
    doi = "10.1142/9789814503266_0001",
    journal = "Adv. Ser. Direct. High Energy Phys.",
    volume = "5",
    pages = "1--91",
    year = "1989"
}

@article{ALICE:2021mgk,
    author = "Acharya, Shreyasi and others",
    collaboration = "ALICE",
    title = "{Measurement of beauty and charm production in pp collisions at $ \sqrt{s} $ = 5.02 TeV via non-prompt and prompt D mesons}",
    eprint = "2102.13601",
    archivePrefix = "arXiv",
    primaryClass = "nucl-ex",
    reportNumber = "CERN-EP-2021-034",
    doi = "10.1007/JHEP05(2021)220",
    journal = "JHEP",
    volume = "05",
    pages = "220",
    year = "2021"
}

@article{Cacciari:2001td,
    author = "Cacciari, Matteo and Frixione, Stefano and Nason, Paolo",
    title = "{The p(T) spectrum in heavy flavor photoproduction}",
    eprint = "hep-ph/0102134",
    archivePrefix = "arXiv",
    reportNumber = "BICOCCA-FT-01-01, GEF-TH-2-01, YITP-SB-01-01",
    doi = "10.1088/1126-6708/2001/03/006",
    journal = "JHEP",
    volume = "03",
    pages = "006",
    year = "2001"
}

@article{Sjostrand:2014zea,
    author = {Sj\"ostrand, Torbj\"orn and Ask, Stefan and Christiansen, Jesper R. and Corke, Richard and Desai, Nishita and Ilten, Philip and Mrenna, Stephen and Prestel, Stefan and Rasmussen, Christine O. and Skands, Peter Z.},
    title = "{An introduction to PYTHIA 8.2}",
    eprint = "1410.3012",
    archivePrefix = "arXiv",
    primaryClass = "hep-ph",
    reportNumber = "LU-TP-14-36, MCNET-14-22, CERN-PH-TH-2014-190, FERMILAB-PUB-14-316-CD, DESY-14-178, SLAC-PUB-16122",
    doi = "10.1016/j.cpc.2015.01.024",
    journal = "Comput. Phys. Commun.",
    volume = "191",
    pages = "159--177",
    year = "2015"
}

@article{Friedman:1972sy,
    author = "Friedman, Jerome I. and Kendall, Henry W.",
    title = "{Deep inelastic electron scattering}",
    doi = "10.1146/annurev.ns.22.120172.001223",
    journal = "Ann. Rev. Nucl. Part. Sci.",
    volume = "22",
    pages = "203--254",
    year = "1972"
}

@article{Bjorken:1968dy,
    author = "Bjorken, J. D.",
    title = "{Asymptotic Sum Rules at Infinite Momentum}",
    reportNumber = "SLAC-PUB-0510",
    doi = "10.1103/PhysRev.179.1547",
    journal = "Phys. Rev.",
    volume = "179",
    pages = "1547--1553",
    year = "1969"
}

@article{Feynman:1969ej,
    author = "Feynman, Richard P.",
    editor = "Brown, L. M.",
    title = "{Very high-energy collisions of hadrons}",
    reportNumber = "PRINT-69-2817",
    doi = "10.1103/PhysRevLett.23.1415",
    journal = "Phys. Rev. Lett.",
    volume = "23",
    pages = "1415--1417",
    year = "1969"
}

@article{Callan:1969uq,
    author = "Callan, Jr., Curtis G. and Gross, David J.",
    title = "{High-energy electroproduction and the constitution of the electric current}",
    doi = "10.1103/PhysRevLett.22.156",
    journal = "Phys. Rev. Lett.",
    volume = "22",
    pages = "156--159",
    year = "1969"
}

%%%%%%%%%%%%%%%%%%%%%%%%%%%%%%%%%%%%%%%%%%%%%%%%%%%%%%%%%%%%%%%%%%%%%
% Machine learning                                                  %
%%%%%%%%%%%%%%%%%%%%%%%%%%%%%%%%%%%%%%%%%%%%%%%%%%%%%%%%%%%%%%%%%%%%%


@ARTICLE{5392560,
  author={Samuel, A. L.},
  journal={IBM Journal of Research and Development}, 
  title={Some Studies in Machine Learning Using the Game of Checkers}, 
  year={1959},
  volume={3},
  number={3},
  pages={210-229},
  doi={10.1147/rd.33.0210}}

@misc{mitchell1997machine,
  title={Machine learning},
  author={Mitchell, Tom M},
  year={1997}
}


@ARTICLE{openai2023gpt4,
       author = {{OpenAI}},
        title = "{GPT-4 Technical Report}",
      journal = {arXiv e-prints},
     keywords = {Computer Science - Computation and Language, Computer Science - Artificial Intelligence},
         year = 2023,
        month = mar,
          eid = {arXiv:2303.08774},
        pages = {arXiv:2303.08774},
          doi = {10.48550/arXiv.2303.08774},
archivePrefix = {arXiv},
       eprint = {2303.08774},
 primaryClass = {cs.CL},
       adsurl = {https://ui.adsabs.harvard.edu/abs/2023arXiv230308774O},
      adsnote = {Provided by the SAO/NASA Astrophysics Data System}
}



@article{CMS:2012qbp,
    author = "Chatrchyan, Serguei and others",
    collaboration = "CMS",
    title = "{Observation of a New Boson at a Mass of 125 GeV with the CMS Experiment at the LHC}",
    eprint = "1207.7235",
    archivePrefix = "arXiv",
    primaryClass = "hep-ex",
    reportNumber = "CMS-HIG-12-028, CERN-PH-EP-2012-220",
    doi = "10.1016/j.physletb.2012.08.021",
    journal = "Phys. Lett. B",
    volume = "716",
    pages = "30--61",
    year = "2012"
}
